@misc{watkins2023splendaq,
      title={SPLENDAQ: A Detector-Agnostic Data Acquisition System for Small-Scale Physics Experiments}, 
      author={S. L. Watkins},
      year={2023},
      eprint={2310.01279},
      archivePrefix={arXiv},
      primaryClass={physics.ins-det}
}
